@book{
SmithDSP,
    author    = {Steven W. Smith},
    title     = {The {S}cientist and {E}ngineer's {G}uide to {D}igital {S}ignal {P}rocessing},
    publisher = {California Technical Pub},
    edition  = 1,
    year     = 1997,
    note     = {Can be found online at \url{http://www.dspguide.com/whatdsp.htm}},
}


